%% This BibTeX bibliography file was created using BibDesk.
%% http://bibdesk.sourceforge.net/


%% Created for Zening Qu at 2012-11-26 21:05:31 +0800 


%% Saved with string encoding Unicode (UTF-8) 



@book{psychology,
	Author = {Card, Stuart K. and Moran, Thomas P. and Newell, Allen},
	Date-Added = {2012-11-26 13:00:50 +0000},
	Date-Modified = {2012-11-26 13:05:31 +0000},
	Publisher = {Lawrence Erlbaum Associates Inc.},
	Title = {The Psychology of Human-Computer Interaction},
	Year = {1983}}

@book{ml,
	Author = {Bishop, Christopher M.},
	Date-Added = {2012-11-26 12:52:11 +0000},
	Date-Modified = {2012-11-26 12:54:13 +0000},
	Publisher = {Springer},
	Title = {Pattern Recognition and Machine Learning},
	Year = {2006}}

@book{methods,
	Author = {Lazar, Jonathan and Feng, Jinjuan H. and Hochheiser, Harry},
	Date-Added = {2012-11-26 12:48:06 +0000},
	Date-Modified = {2012-11-26 13:04:18 +0000},
	Publisher = {John Wiley \& Sons Ltd},
	Title = {Research Methods in Human-Computer Interaction},
	Year = {2010}}

@techreport{egalcar,
	Author = {Qu, Zening and Burke, Jeffrey A.},
	Date-Added = {2012-11-26 12:41:43 +0000},
	Date-Modified = {2012-11-26 12:42:53 +0000},
	Institution = {UCLA},
	Month = {October},
	Title = {Egal Car: A Peer-to-Peer Car Racing Game Synchronized Over Named Data Networking},
	Year = {2012},
	Note = {http://named-data.net/techreport/TR010-egalcar.pdf}}
